<record><leader>00000cas a2200000 a 4500</leader><controlfield tag="001">24867156</controlfield><controlfield tag="008">911127d18821894iluwr ne      0    0eng c</controlfield><datafield ind1=" " ind2=" " tag="010"><subfield code="a">sn 91054790 </subfield></datafield><datafield ind1=" " ind2=" " tag="040"><subfield code="a">NVF</subfield><subfield code="b">eng</subfield><subfield code="c">NVF</subfield><subfield code="d">OCL</subfield><subfield code="d">OCLCQ</subfield><subfield code="d">NVF</subfield><subfield code="d">OCLCQ</subfield><subfield code="d">OCLCF</subfield><subfield code="d">OCLCO</subfield></datafield><datafield ind1="1" ind2=" " tag="029"><subfield code="a">AU@</subfield><subfield code="b">000020749090</subfield></datafield><datafield ind1=" " ind2=" " tag="042"><subfield code="a">pcc</subfield></datafield><datafield ind1=" " ind2=" " tag="043"><subfield code="a">n-us-il</subfield></datafield><datafield ind1="0" ind2="4" tag="245"><subfield code="a">The weekly eye.</subfield></datafield><datafield ind1=" " ind2=" " tag="260"><subfield code="a">Roodhouse, Ill. :</subfield><subfield code="b">W.T. McIver and J.P. Drennan, Jr.,</subfield><subfield code="c">1882-1894.</subfield></datafield><datafield ind1=" " ind2=" " tag="300"><subfield code="a">v.</subfield></datafield><datafield ind1=" " ind2=" " tag="310"><subfield code="a">Weekly</subfield></datafield><datafield ind1="1" ind2=" " tag="362"><subfield code="a">Began Aug. 10, 1882.</subfield></datafield><datafield ind1="0" ind2=" " tag="362"><subfield code="a">-v. 13, no. 9 (Sept. 13, 1894).</subfield></datafield><datafield ind1=" " ind2=" " tag="588"><subfield code="a">Description based on: Vol. 2, no. 1 (Aug. 9, 1883).</subfield></datafield><datafield ind1=" " ind2="0" tag="651"><subfield code="a">Roodhouse (Ill.)</subfield><subfield code="v">Newspapers.</subfield></datafield><datafield ind1=" " ind2="7" tag="655"><subfield code="a">Newspapers.</subfield><subfield code="2">fast</subfield><subfield code="0">(OCoLC)fst01423814</subfield></datafield><datafield ind1=" " ind2="7" tag="651"><subfield code="a">Illinois</subfield><subfield code="z">Roodhouse.</subfield><subfield code="2">fast</subfield><subfield code="0">(OCoLC)fst01294334</subfield></datafield><datafield ind1=" " ind2=" " tag="752"><subfield code="a">United States</subfield><subfield code="b">Illinois</subfield><subfield code="c">Greene</subfield><subfield code="d">Roodhouse.</subfield></datafield><datafield ind1="0" ind2=" " tag="775"><subfield code="t">Evening eye</subfield><subfield code="w">(DLC)sn 87082120</subfield><subfield code="w">(OCoLC)15272527</subfield></datafield><datafield ind1="0" ind2="0" tag="785"><subfield code="t">Roodhouse eye</subfield><subfield code="w">(DLC)sn 91054791</subfield><subfield code="w">(OCoLC)24867222</subfield></datafield></record>